@misc{casperadc,
author={Collaboration for Astronomical Signal Processing and Electronics Research},
howpublished={\url{https://casper.berkeley.edu/wiki/ADC1x5000-8}},
title="{ADC1x5000-8}",
year=2016
}

@misc{caspernfs,
author={Collaboration for Astronomical Signal Processing and Electronics Research},
howpublished={\url{https://casper.berkeley.edu/wiki/ROACH_NFS_guide}},
title="{ROACH NFS guide}",
year=2016
}

@misc{casperroach2,
author={Collaboration for Astronomical Signal Processing and Electronics Research},
howpublished={\url{https://casper.berkeley.edu/wiki/ROACH-2_Revision_2}},
title="{ROACH}-2 {R}evision 2",
year=2016
}

@misc{caspersfp,
author={Collaboration for Astronomical Signal Processing and Electronics Research},
howpublished={\url{https://casper.berkeley.edu/wiki/SFP\%2B}},
title="{SFP+}",
year=2016
}
